<mx:record xmlns="http://www.w3.org/TR/xhtml1/strict" xmlns:mx="http://www.loc.gov/MARC21/slim" xmlns:xsi="http://www.w3.org/2001/XMLSchema-instance"><mx:leader>00000cz  a2200000n  45 0</mx:leader><mx:controlfield tag="001">oca01272350 </mx:controlfield><mx:controlfield tag="005">20100918070942.0</mx:controlfield><mx:controlfield tag="008">850131n| acannaabn          |b aaa      </mx:controlfield><mx:datafield ind1=" " ind2=" " tag="010"><mx:subfield code="a">n  84220855</mx:subfield></mx:datafield><mx:datafield ind1=" " ind2=" " tag="040"><mx:subfield code="a">DLC</mx:subfield><mx:subfield code="b">eng</mx:subfield><mx:subfield code="c">DLC</mx:subfield><mx:subfield code="d">OCoLC</mx:subfield></mx:datafield><mx:datafield ind1="0" ind2=" " tag="100"><mx:subfield code="a">Aristarchus,</mx:subfield><mx:subfield code="c">of Samothrace,</mx:subfield><mx:subfield code="d">ca. 217-145 B.C.</mx:subfield></mx:datafield><mx:datafield ind1="0" ind2=" " tag="400"><mx:subfield code="a">Aristarchus,</mx:subfield><mx:subfield code="c">Grammaticus,</mx:subfield><mx:subfield code="d">ca. 217-145 B.C.</mx:subfield></mx:datafield><mx:datafield ind1="0" ind2=" " tag="400"><mx:subfield code="a">Aristarchos,</mx:subfield><mx:subfield code="d">ca. 217-145 B.C.</mx:subfield></mx:datafield><mx:datafield ind1="0" ind2=" " tag="400"><mx:subfield code="a">'Αρίσταρχος,</mx:subfield><mx:subfield code="d">ca. 217-145 B.C.</mx:subfield></mx:datafield><mx:datafield ind1=" " ind2=" " tag="667"><mx:subfield code="a">Do not confuse with Aristarchus of Samos (astronomer and mathematician) [n  82068128]</mx:subfield></mx:datafield><mx:datafield ind1=" " ind2=" " tag="667"><mx:subfield code="a">Non-Latin reference not evaluated</mx:subfield></mx:datafield><mx:datafield ind1=" " ind2=" " tag="670"><mx:subfield code="a">Apthorp, M.J. The ms. evidence of interpolation in Homer, 1980:</mx:subfield><mx:subfield code="b">p. xiv, etc. (Aristarchus; Homeric scholar)</mx:subfield></mx:datafield><mx:datafield ind1=" " ind2=" " tag="670"><mx:subfield code="a">Encyc. Brit., c1983</mx:subfield><mx:subfield code="b">(Aristarchus of Samothrace; Greek critic &amp; grammarian; b. ca. 217 and d. 145 B.C.)</mx:subfield></mx:datafield><mx:datafield ind1=" " ind2=" " tag="670"><mx:subfield code="a">Oxford Class. dict., c1970</mx:subfield><mx:subfield code="b">(Aristarchus of Samothrace, ca. 217 to 145 B.C.)</mx:subfield></mx:datafield><mx:datafield ind1=" " ind2=" " tag="670"><mx:subfield code="a">Brit. Lib. gen. cat. to 1975</mx:subfield><mx:subfield code="b">(Aristarchus, Grammaticus)</mx:subfield></mx:datafield><mx:datafield ind1=" " ind2=" " tag="670"><mx:subfield code="a">Kleine Pauly, 1964</mx:subfield><mx:subfield code="b">(Aristarchos aus Samothrake, ca. 217-145 B.C.)</mx:subfield></mx:datafield><mx:datafield ind1=" " ind2=" " tag="670"><mx:subfield code="a">Wikipedia, Sept 14, 2010</mx:subfield><mx:subfield code="b">(Aristarchus of Samothrace; 'Αρίσταρχος = Aristarchos; 220?-143 BC?; a grammarian noted as the most influential of all scholars of Homeric poetry; the librarian of the library of Alexandria)</mx:subfield></mx:datafield><mx:datafield ind1=" " ind2=" " tag="999"><mx:subfield code="a">2120</mx:subfield></mx:datafield></mx:record>